<record><leader>00000cas a22000007a 4500</leader><controlfield tag="001">12850632</controlfield><controlfield tag="008">851126d19131918aluwr ne      0    0eng d</controlfield><datafield ind1=" " ind2=" " tag="010"><subfield code="a">sn 85045097 </subfield></datafield><datafield ind1=" " ind2=" " tag="040"><subfield code="a">AAR</subfield><subfield code="b">eng</subfield><subfield code="c">AAR</subfield><subfield code="d">CPN</subfield><subfield code="d">OCLCQ</subfield></datafield><datafield ind1=" " ind2=" " tag="042"><subfield code="a">msc</subfield></datafield><datafield ind1="0" ind2="4" tag="245"><subfield code="a">The Florala news-democrat.</subfield></datafield><datafield ind1=" " ind2=" " tag="260"><subfield code="a">Florala, Ala. :</subfield><subfield code="b">J.J. Lamar</subfield></datafield><datafield ind1=" " ind2=" " tag="300"><subfield code="a">v. :</subfield><subfield code="b">ill. ;</subfield><subfield code="c">51-60 cm.</subfield></datafield><datafield ind1=" " ind2=" " tag="310"><subfield code="a">Weekly</subfield></datafield><datafield ind1="1" ind2=" " tag="362"><subfield code="a">Began in 1913; ceased in 1918.</subfield><subfield code="z">Cf. Gregory, W. Amer. newspapers.</subfield></datafield><datafield ind1=" " ind2=" " tag="588"><subfield code="a">Description based on: Vol. 12, no. 43 (Oct. 9, 1913).</subfield></datafield><datafield ind1=" " ind2=" " tag="752"><subfield code="a">United States</subfield><subfield code="b">Alabama</subfield><subfield code="c">Covington</subfield><subfield code="d">Florala.</subfield></datafield><datafield ind1="0" ind2="4" tag="780"><subfield code="t">Florala news</subfield><subfield code="w">(DLC)sn 85045137</subfield></datafield><datafield ind1="0" ind2="4" tag="780"><subfield code="t">Florala democrat</subfield><subfield code="w">(DLC)sn 85045096</subfield></datafield><datafield ind1="0" ind2="0" tag="785"><subfield code="t">Florala news (Florala, Ala. : 1919)</subfield><subfield code="w">(DLC)sn 85045138</subfield></datafield></record>